@online{Scott2014,
author = "Scott Hommel",
title = "Implementing JavaFX Best Practices",
year = "2014",
url = "http://docs.oracle.com/javafx/2/best_practices/jfxpub-best_practices.htm",
urldate = "2016-09-21"
}
@online{Angela2013,
author = "Angela Caicedo",
title = "Managing Multiple Screens in JavaFX",
year = "2013",
url = "https://blogs.oracle.com/acaicedo/entry/managing_multiple_screens_in_javafx1",
urldate = "2016-10-03"
}
@online{FreeSoftware,
author = "Free Software Foundation",
title = "O que Ã© um software livre?",
year = "2016",
url = "https://www.gnu.org/philosophy/free-sw.html",
urldate = "2017-02-16"
}
@article{Robert2007,
author = "Robert Eckstein",
title = "Java SE Application Design With MVC",
year = "2007",
journal = "Oracle Technology Network"
}
@book{Roger2011,
author = "Roger S. Pressman",
title = "Engenharia de Software: Uma abordagem profissional",
publisher = "McGraw Hill",
year = "2011"
}
@online{StatisticBrain2017,
author = "Statistic Brain Group",
title = "Attention Span Statistics",
year = "2016",
url = "http://www.statisticbrain.com/attention-span-statistics",
urldate = "2017-02-17"
}